@misc{WebSocket,
  author       = {jittagornp},
  howpublished = {jittagornp.me},
  title        = {WebSocket คืออะไร ทำงานยังไง},
  url          = {https://www.jittagornp.me/blog/what-is-websocket/},
  year         = {2021}
}

@misc{CrossValidation,
  author       = {-},
  howpublished = {mathworks.com},
  title        = {Cross-Validation},
  url          = {https://www.mathworks.com/discovery/cross-validation.html},
  year         = {2023}
}
 
@misc{ANN,
  author       = {-},
  howpublished = {wikipedia.org},
  title        = {Artificial neural network},
  url          = {https://en.wikipedia.org/wiki/Artificial_neural_network},
  year         = {2013}
}

@misc{Mlp,
  author       = {-},
  howpublished = {wikipedia.org},
  title        = {Multilayer perceptron},
  url          = {https://en.wikipedia.org/wiki/Multilayer_perceptron},
  year         = {2023}
}

@misc{NeuralNetwork,
  author       = {Dr. James McCaffrey},
  howpublished = {visualstudiomagazine.com},
  title        = {The Neural Network Input-Process-Output Mechanism},
  url          = {https://visualstudiomagazine.com/miscs/2013/05/01/neural-network-feed-forward.aspx},
  year         = {2013}
}
 
@misc{Activation,
  author       = {-},
  howpublished = {wikipedia.org},
  title        = {Activation function},
  url          = {https://en.wikipedia.org/wiki/Feedforward_neural_network},
  year         = {2022}
}
 
@misc{Feed,
  author       = {-},
  howpublished = {wikipedia.org},
  title        = {Feedforward neural network},
  url          = {https://en.wikipedia.org/wiki/Activation_function},
  year         = {2023}
}

 @misc{CNNs,
  author       = {Anh H. Reynolds},
  howpublished = {anhreynolds.com},
  title        = {Convolutional Neural Networks},
  url          = {https://anhreynolds.com/blogs/cnn.html},
  year         = {2019}
}

 @misc{CNN_mlp,
  author       = {HD COE},
  howpublished = {medium.com},
  title        = {Convolutional Neural Network คืออะไร},
  url          = {https://anhreynolds.com/blogs/cnn.html},
  year         = {2020}
}
 
 @misc{Transfer,
  author       = {Wenjin Tao and  Md. Al-Amin and Haodong Chen and Ming C. Leu},
  howpublished = {sciencedirect.net},
  title        = {Real-Time Assembly Operation Recognition with Fog Computing and Transfer Learning for Human-Centered Intelligent Manufacturing},
  url          = {https://www.researchgate.net/publication/342400905_Real-Time_Assembly_Operation_Recognition_with_Fog_Computing_and_Transfer_Learning_for_Human-Centered_Intelligent_Manufacturing},
  year         = {2020}
}
 @misc{Xception,
  author       = {Kathiravan Srinivasan and Lalit Garg and Debajit Datta and  Abdulellah Abdullah Alaboudi},
  howpublished = {sciencedirect.net},
  title        = {Performance Comparison of Deep CNN Models for Detecting Driver Distraction},
  url          = {https://www.researchgate.net/publication/351371226_Performance_Comparison_of_Deep_CNN_Models_for_Detecting_Driver's_Distraction},
  year         = {2021}
}

 @book{Vince,
  title  = {Ralph Vince},
  author = {Wiley},
  url    = {},
  year   = {1990}
}